@online{site:agile-manifesto,
    title   = {Manifesto Agile},
    url     = {http://agilemanifesto.org/iso/it/}
}

@online{site:ensign11,
    title   = {ENSign 11 Signature Pad},
    url     = {https://www.euronovategroup.com/solutions/product-map/ensign-11-ensign-nfc-hardware}
}